@article{mur2015orb,
	title={ORB-SLAM: a versatile and accurate monocular SLAM system},
	author={Mur-Artal, Raul and Montiel, Jose Maria Martinez and Tardos, Juan D},
	journal={IEEE transactions on robotics},
	volume={31},
	number={5},
	pages={1147--1163},
	year={2015},
	publisher={IEEE}
}

@inproceedings{rublee2011orb,
	title="ORB: An efficient alternative to SIFT or SURF.",
	author="Rublee, Ethan and Rabaud, Vincent and Konolige, Kurt and Bradski, Gary R",
	booktitle="ICCV",
	volume="11",
	number="1",
	pages="2",
	year="2011",
	organization="Citeseer"
}


@misc{zhang2006incremental,
	title={Incremental motion estimation through local bundle adjustment},
	author={Zhang, Zhengyou and Shan, Ying},
	year={2006},
	month=feb # "~7",
	publisher={Google Patents},
	note={US Patent 6,996,254}
}


@inproceedings{engel2014lsd,
	title={LSD-SLAM: Large-scale direct monocular SLAM},
	author={Engel, Jakob and Sch{\"o}ps, Thomas and Cremers, Daniel},
	booktitle={European conference on computer vision},
	pages={834--849},
	year={2014},
	organization={Springer}
}


@inproceedings{labbe2011memory,
	title={Memory management for real-time appearance-based loop closure detection},
	author={Labbe, Mathieu and Michaud, Francois},
	booktitle={2011 IEEE/RSJ International Conference on Intelligent Robots and Systems},
	pages={1271--1276},
	year={2011},
	organization={IEEE}
}


@inproceedings{calonder2010brief,
	title={Brief: Binary robust independent elementary features},
	author={Calonder, Michael and Lepetit, Vincent and Strecha, Christoph and Fua, Pascal},
	booktitle={European conference on computer vision},
	pages={778--792},
	year={2010},
	organization={Springer}
}


@inproceedings{brachmann2017dsac,
	title={DSAC-differentiable RANSAC for camera localization},
	author={Brachmann, Eric and Krull, Alexander and Nowozin, Sebastian and Shotton, Jamie and Michel, Frank and Gumhold, Stefan and Rother, Carsten},
	booktitle={Proceedings of the IEEE Conference on Computer Vision and Pattern Recognition},
	pages={6684--6692},
	year={2017}
}


@inproceedings{bay2006surf,
	title={Surf: Speeded up robust features},
	author={Bay, Herbert and Tuytelaars, Tinne and Van Gool, Luc},
	booktitle={European conference on computer vision},
	pages={404--417},
	year={2006},
	organization={Springer}
}


@article{koenderink1991affine,
	title={Affine structure from motion},
	author={Koenderink, Jan J and Van Doorn, Andrea J},
	journal={JOSA A},
	volume={8},
	number={2},
	pages={377--385},
	year={1991},
	publisher={Optical Society of America}
}



@inproceedings{lowe1999object,
	title={Object recognition from local scale-invariant features.},
	author={Lowe, David G and others},
	booktitle={iccv},
	volume={99},
	number={2},
	pages={1150--1157},
	year={1999}
}


@inproceedings{diel2005epipolar,
	title={Epipolar constraints for vision-aided inertial navigation},
	author={Diel, David D and DeBitetto, Paul and Teller, Seth},
	booktitle={2005 Seventh IEEE Workshops on Applications of Computer Vision (WACV/MOTION'05)-Volume 1},
	volume={2},
	pages={221--228},
	year={2005},
	organization={IEEE}
}


@article{karsch2014depth,
	title={Depth transfer: Depth extraction from video using non-parametric sampling},
	author={Karsch, Kevin and Liu, Ce and Kang, Sing Bing},
	journal={IEEE transactions on pattern analysis and machine intelligence},
	volume={36},
	number={11},
	pages={2144--2158},
	year={2014},
	publisher={IEEE}
}


@article{oliva2001modeling,
	title={Modeling the shape of the scene: A holistic representation of the spatial envelope},
	author={Oliva, Aude and Torralba, Antonio},
	journal={International journal of computer vision},
	volume={42},
	number={3},
	pages={145--175},
	year={2001},
	publisher={Springer}
}


@article{liu2010sift,
	title={Sift flow: Dense correspondence across scenes and its applications},
	author={Liu, Ce and Yuen, Jenny and Torralba, Antonio},
	journal={IEEE transactions on pattern analysis and machine intelligence},
	volume={33},
	number={5},
	pages={978--994},
	year={2010},
	publisher={IEEE}
}


@inproceedings{ummenhofer2017demon,
	title={Demon: Depth and motion network for learning monocular stereo},
	author={Ummenhofer, Benjamin and Zhou, Huizhong and Uhrig, Jonas and Mayer, Nikolaus and Ilg, Eddy and Dosovitskiy, Alexey and Brox, Thomas},
	booktitle={Proceedings of the IEEE Conference on Computer Vision and Pattern Recognition},
	pages={5038--5047},
	year={2017}
}


@inproceedings{laina2016deeper,
	title={Deeper depth prediction with fully convolutional residual networks},
	author={Laina, Iro and Rupprecht, Christian and Belagiannis, Vasileios and Tombari, Federico and Navab, Nassir},
	booktitle={2016 Fourth international conference on 3D vision (3DV)},
	pages={239--248},
	year={2016},
	organization={IEEE}
}


@inproceedings{he2016deep,
	title={Deep residual learning for image recognition},
	author={He, Kaiming and Zhang, Xiangyu and Ren, Shaoqing and Sun, Jian},
	booktitle={Proceedings of the IEEE conference on computer vision and pattern recognition},
	pages={770--778},
	year={2016}
}


@inproceedings{silberman2011indoor,
	title={Indoor scene segmentation using a structured light sensor},
	author={Silberman, Nathan and Fergus, Rob},
	booktitle={2011 IEEE international conference on computer vision workshops (ICCV workshops)},
	pages={601--608},
	year={2011},
	organization={IEEE}
}


@article{ashutosh2009make3d,
	title={Make3d: Learning 3d scene structure from a single still image},
	author={Ashutosh, Saxena and Min, Sun and Ng, Andrew Y},
	journal={IEEE Transactions on Pattern Analysis \& Machine Intelligence},
	volume={31},
	number={5},
	pages={824--840},
	year={2009}
}


@inproceedings{spek2018cream,
	title={CReaM: Condensed Real-time Models for Depth Prediction using Convolutional Neural Networks},
	author={Spek, Andrew and Dharmasiri, Thanuja and Drummond, Tom},
	booktitle={2018 IEEE/RSJ International Conference on Intelligent Robots and Systems (IROS)},
	pages={540--547},
	year={2018},
	organization={IEEE}
}


@article{dumoulin2016guide,
	title={A guide to convolution arithmetic for deep learning},
	author={Dumoulin, Vincent and Visin, Francesco},
	journal={arXiv preprint arXiv:1603.07285},
	year={2016}
}


@inproceedings{zeiler2010deconvolutional,
	title={Deconvolutional networks.},
	author={Zeiler, Matthew D and Krishnan, Dilip and Taylor, Graham W and Fergus, Robert},
	booktitle={Cvpr},
	volume={10},
	pages={7},
	year={2010}
}

@inproceedings{deng2009imagenet,
	title={Imagenet: A large-scale hierarchical image database},
	author={Deng, Jia and Dong, Wei and Socher, Richard and Li, Li-Jia and Li, Kai and Fei-Fei, Li},
	booktitle={2009 IEEE conference on computer vision and pattern recognition},
	pages={248--255},
	year={2009},
	organization={Ieee}
}


@article{romera2017erfnet,
	title={Erfnet: Efficient residual factorized convnet for real-time semantic segmentation},
	author={Romera, Eduardo and Alvarez, Jos{\'e} M and Bergasa, Luis M and Arroyo, Roberto},
	journal={IEEE Transactions on Intelligent Transportation Systems},
	volume={19},
	number={1},
	pages={263--272},
	year={2017},
	publisher={IEEE}
}


@inproceedings{tomasi1998bilateral,
	title={Bilateral filtering for gray and color images.},
	author={Tomasi, Carlo and Manduchi, Roberto},
	booktitle={Iccv},
	volume={98},
	number={1},
	pages={2},
	year={1998}
}


@article{kingma2014adam,
	title={Adam: A method for stochastic optimization},
	author={Kingma, Diederik P and Ba, Jimmy},
	journal={arXiv preprint arXiv:1412.6980},
	year={2014}
}


@article{franklin2017nvidia,
	title={NVIDIA Jetson TX2 Delivers Twice the Intelligence to the Edge},
	author={Franklin, D},
	journal={NVIDIA Accelerated Computing| Parallel Forall},
	year={2017}
}


@inproceedings{zeiler2010deconvolutional,
	title={Deconvolutional networks.},
	author={Zeiler, Matthew D and Krishnan, Dilip and Taylor, Graham W and Fergus, Robert},
	booktitle={Cvpr},
	volume={10},
	pages={7},
	year={2010}
}

@inproceedings{quigley2009ros,
	title={ROS: an open-source Robot Operating System},
	author={Quigley, Morgan and Conley, Ken and Gerkey, Brian and Faust, Josh and Foote, Tully and Leibs, Jeremy and Wheeler, Rob and Ng, Andrew Y},
	booktitle={ICRA workshop on open source software},
	volume={3},
	number={3.2},
	pages={5},
	year={2009},
	organization={Kobe, Japan}
}
